<record><leader>00000cas a22000007a 4500</leader><controlfield tag="001">10361521</controlfield><controlfield tag="008">840201d18671875njuwr ne      0    0eng d</controlfield><datafield ind1=" " ind2=" " tag="010"><subfield code="a">sn 84026261 </subfield></datafield><datafield ind1=" " ind2=" " tag="040"><subfield code="a">NPU</subfield><subfield code="b">eng</subfield><subfield code="c">NPU</subfield><subfield code="d">NJW</subfield><subfield code="d">NYS</subfield><subfield code="d">OCL</subfield><subfield code="d">OCLCQ</subfield></datafield><datafield ind1=" " ind2=" " tag="042"><subfield code="a">msc</subfield></datafield><datafield ind1="0" ind2=" " tag="130"><subfield code="a">Vineland independent (Vineland, N.J. : 1867)</subfield></datafield><datafield ind1="1" ind2="0" tag="245"><subfield code="a">Vineland independent.</subfield></datafield><datafield ind1=" " ind2=" " tag="260"><subfield code="a">Vineland, N.J. :</subfield><subfield code="b">William Taylor</subfield></datafield><datafield ind1=" " ind2=" " tag="300"><subfield code="a">v. ;</subfield><subfield code="c">69 cm.</subfield></datafield><datafield ind1=" " ind2=" " tag="310"><subfield code="a">Weekly</subfield></datafield><datafield ind1="1" ind2=" " tag="362"><subfield code="a">Began Mar. 2, 1867; ceased May 13, 1875.</subfield><subfield code="z">Cf. Direct. of N.J. newspapers, 1765-1970 / Wright &amp; Stellhorn.</subfield></datafield><datafield ind1=" " ind2=" " tag="580"><subfield code="a">Merged with: New Jersey Granger, to form: Vineland independent and New Jersey Granger. Cf. Direct. of N.J. newspapers.</subfield></datafield><datafield ind1=" " ind2=" " tag="588"><subfield code="a">Description based on: Vol. 14, no. 12 (May 20, 1870) = Whole no. 168.</subfield></datafield><datafield ind1=" " ind2=" " tag="752"><subfield code="a">United States</subfield><subfield code="b">New Jersey</subfield><subfield code="c">Cumberland</subfield><subfield code="d">Vineland.</subfield></datafield><datafield ind1="1" ind2="7" tag="785"><subfield code="t">New Jersey Granger</subfield><subfield code="w">(DLC)sn 91064051</subfield><subfield code="w">(OCoLC)24486988</subfield></datafield><datafield ind1="1" ind2="7" tag="785"><subfield code="t">Vineland independent and New Jersey Granger</subfield><subfield code="w">(DLC)sn 91064062</subfield><subfield code="w">(OCoLC)24887551</subfield></datafield><datafield ind1="1" ind2=" " tag="029"><subfield code="a">AU@</subfield><subfield code="b">000020415693</subfield></datafield></record>